@article{janowski2015digital,
  title={Digital government evolution: From transformation to contextualization},
  author={Janowski, Tomasz},
  journal={Government Information Quarterly},
  volume={32},
  number={3},
  pages={221--236},
  year={2015},
  publisher={Elsevier}
}

@article{dunleavy2006new,
  title={New public management is dead—long live digital-era governance},
  author={Dunleavy, Patrick and Margetts, Helen and Bastow, Simon and Tinkler, Jane},
  journal={Journal of Public Administration Research and Theory},
  volume={16},
  number={3},
  pages={467--494},
  year={2006},
  publisher={Oxford University Press}
}

@article{cordella2019digital,
  title={Digital government and public management: A theoretical framework for understanding digital transformation},
  author={Cordella, Antonio and Paletti, Andrea},
  journal={Policy and Society},
  volume={38},
  number={2},
  pages={287--306},
  year={2019},
  publisher={Taylor \& Francis}
}

@article{linders2012we,
  title={From e-government to we-government: Defining a typology for citizen coproduction in the age of social media},
  author={Linders, Dennis},
  journal={Government Information Quarterly},
  volume={29},
  number={4},
  pages={446--454},
  year={2012},
  publisher={Elsevier}
}

@book{brabham2013crowdsourcing,
  title={Crowdsourcing},
  author={Brabham, Daren C},
  year={2013},
  publisher={MIT Press}
}

@article{grimmelikhuijsen2018legitimacy,
  title={Legitimacy in an age of transparency: Trust and government legitimacy in the digital age},
  author={Grimmelikhuijsen, Stephan and Meijer, Albert},
  journal={Social Science Computer Review},
  volume={36},
  number={1},
  pages={1--13},
  year={2018},
  publisher={Sage Publications}
}

@article{carter2005citizens,
  title={The utilization of e-government services: citizen trust, innovation and acceptance factors},
  author={Carter, Lemuria and B{\'e}langer, France},
  journal={Information Systems Journal},
  volume={15},
  number={1},
  pages={5--25},
  year={2005},
  publisher={Wiley Online Library}
}

@article{nam2012citizens,
  title={Citizens' attitudes toward Open Government and Government 2.0},
  author={Nam, Taewoo},
  journal={International Review of Administrative Sciences},
  volume={78},
  number={2},
  pages={346--368},
  year={2012},
  publisher={Sage Publications}
}

@article{desouza2014technology,
  title={Technology-enabled participatory platforms for civic engagement: the case of US cities},
  author={Desouza, Kevin C and Bhagwatwar, Akshay},
  journal={Journal of Urban Technology},
  volume={21},
  number={4},
  pages={25--50},
  year={2014},
  publisher={Taylor \& Francis}
}

@article{heeks2018ict4d,
  title={Information and communication technology for development (ICT4D)},
  author={Heeks, Richard},
  journal={Routledge},
  year={2018},
  publisher={Routledge}
}

@article{wirtz2019artificial,
  title={Artificial intelligence and the public sector—applications and challenges},
  author={Wirtz, Bernd W and Weyerer, Jan C and Geyer, Carolin},
  journal={International Journal of Public Administration},
  volume={42},
  number={7},
  pages={596--615},
  year={2019},
  publisher={Taylor \& Francis}
}

@article{liu2014crowdsourcing,
  title={Crowdsourcing for public health surveillance: a systematic review},
  author={Liu, Yan and others},
  journal={International Journal of Environmental Research and Public Health},
  volume={11},
  number={11},
  pages={11730--11755},
  year={2014},
  publisher={MDPI}
}

@article{pedersen2013crowdsourcing,
  title={Crowdsourcing as a model for problem solving: Leveraging the collective intelligence of online communities for public good},
  author={Pedersen, Jesper and Kocsis, Attila and Tripathi, Abhishek and others},
  journal={Public Administration Review},
  volume={73},
  number={2},
  pages={256--267},
  year={2013},
  publisher={Wiley Online Library}
}

@article{basu2004egovernment,
  title={E-government and developing countries: an overview},
  author={Basu, Subhajit},
  journal={International Review of Law, Computers \& Technology},
  volume={18},
  number={1},
  pages={109--132},
  year={2004},
  publisher={Taylor \& Francis}
}

@article{schmidthuber2017gamification,
  title={Gamification in e-governance: A systematic literature review},
  author={Schmidthuber, Lisa and Maresch, Daniela and Ginner, Michael},
  journal={Government Information Quarterly},
  volume={34},
  number={3},
  pages={473--485},
  year={2017},
  publisher={Elsevier}
}

@book{noveck2015smart,
  title={Smart citizens, smarter state: The technologies of expertise and the future of governing},
  author={Noveck, Beth Simone},
  year={2015},
  publisher={Harvard University Press}
}

@article{moon2002evolution,
  title={The evolution of e-government among municipalities: rhetoric or reality?},
  author={Moon, M Jae},
  journal={Public Administration Review},
  volume={62},
  number={4},
  pages={424--433},
  year={2002},
  publisher={Wiley Online Library}
}

@article{rose2015stakeholder,
  title={Stakeholder theory for the e-government context: Framing a value-oriented normative core},
  author={Rose, Jeremy and Persson, John Stouby and Heeager, Lise Tordrup},
  journal={Government Information Quarterly},
  volume={32},
  number={3},
  pages={353--362},
  year={2015},
  publisher={Elsevier}
}

@article{bertot2010using,
  title={Using ICTs to create a culture of transparency: E-government and social media as openness and anti-corruption tools for societies},
  author={Bertot, John C and Jaeger, Paul T and Grimes, Justin M},
  journal={Government Information Quarterly},
  volume={27},
  number={3},
  pages={264--271},
  year={2010},
  publisher={Elsevier}
}

@article{mergel2013social,
  title={Social media adoption and resulting tactics in the US federal government},
  author={Mergel, Ines},
  journal={Government Information Quarterly},
  volume={30},
  number={2},
  pages={123--130},
  year={2013},
  publisher={Elsevier}
}

@article{clarke2013cyberwar,
  title={Cyberwar: The next threat to national security and what to do about it},
  author={Clarke, Richard A and Knake, Robert},
  year={2013},
  publisher={HarperCollins}
}

@article{fountain2001building,
  title={Building the virtual state: Information technology and institutional change},
  author={Fountain, Jane E},
  year={2001},
  publisher={Brookings Institution Press}
}

@article{dunleavy2011innovation,
  title={Innovation in government: The role of digital-era governance},
  author={Dunleavy, Patrick and Margetts, Helen},
  journal={Annual Review of Political Science},
  volume={16},
  pages={179--196},
  year={2011},
  publisher={Annual Reviews}
}

@article{west2004egovernment,
  title={E-government and the transformation of service delivery and citizen attitudes},
  author={West, Darrell M},
  journal={Public Administration Review},
  volume={64},
  number={1},
  pages={15--27},
  year={2004},
  publisher={Wiley Online Library}
}

@article{gill2017digital,
  title={Digital transformation and public services: Societal impacts in Sweden and beyond},
  author={Gill, Martin and VanBoskirk, Shar},
  journal={Routledge},
  year={2017},
  publisher={Taylor \& Francis}
}